@book{May:1,
	author = {May},
	title = {Im Jenseits},
	date = {2011},
}
